<record><leader>00000cas a22000007a 4500</leader><controlfield tag="001">20911096</controlfield><controlfield tag="008">900117d18981918maudn ne      0    0eng d</controlfield><datafield ind1=" " ind2=" " tag="010"><subfield code="a">sn 89062280 </subfield></datafield><datafield ind1=" " ind2=" " tag="040"><subfield code="a">MGN</subfield><subfield code="b">eng</subfield><subfield code="c">MGN</subfield><subfield code="d">OCLCQ</subfield></datafield><datafield ind1=" " ind2=" " tag="042"><subfield code="a">msc</subfield></datafield><datafield ind1="0" ind2="0" tag="245"><subfield code="a">Lynn evening news.</subfield></datafield><datafield ind1=" " ind2=" " tag="260"><subfield code="a">Lynn, Mass. :</subfield><subfield code="b">[s.n.]</subfield></datafield><datafield ind1=" " ind2=" " tag="300"><subfield code="a">v.</subfield></datafield><datafield ind1=" " ind2=" " tag="310"><subfield code="a">Daily (except Sun.)</subfield></datafield><datafield ind1="0" ind2=" " tag="362"><subfield code="a">Vol. 1, no. 70 (Mar. 4, 1898)-v. 21, no. 182 (July 20, 1918).</subfield></datafield><datafield ind1=" " ind2=" " tag="515"><subfield code="a">Slightly erratic numbering.</subfield></datafield><datafield ind1="0" ind2="0" tag="780"><subfield code="t">Lynn daily evening news</subfield><subfield code="w">(DLC)sn 89062278</subfield></datafield><datafield ind1="0" ind2="7" tag="785"><subfield code="t">Lynn telegram</subfield><subfield code="w">(DLC)sn 89062276</subfield></datafield><datafield ind1="0" ind2="7" tag="785"><subfield code="t">Telegram-news</subfield><subfield code="w">(DLC)sn 89062277</subfield></datafield></record>